@article{ClFi07,
  title={Mobile robotic sensors for perimeter detection and tracking},
  author={Clark, Justin and Fierro, Rafael},
  journal={ISA Trans.},
  volume={46},
  number={1},
  pages={3--13},
  year={2007},
  publisher={Elsevier}
}